# Imitation Learning
@inproceedings{mandlekar2022matters,
  title        = {What Matters in Learning from Offline Human Demonstrations for Robot Manipulation},
  author       = {Mandlekar, Ajay and Xu, Danfei and Wong, Josiah and Nasiriany, Soroush and Wang, Chen and Kulkarni, Rohun and Fei-Fei, Li and Savarese, Silvio and Zhu, Yuke and Mart{\'\i}n-Mart{\'\i}n, Roberto},
  booktitle    = {Conference on Robot Learning},
  pages        = {1678--1690},
  year         = {2022},
  organization = {PMLR}
}

# Visual Scene Reasoning
@inproceedings{perez2018film,
  title     = {Film: Visual reasoning with a general conditioning layer},
  author    = {Perez, Ethan and Strub, Florian and De Vries, Harm and Dumoulin, Vincent and Courville, Aaron},
  booktitle = {Proceedings of the AAAI Conference on Artificial Intelligence},
  volume    = {32},
  number    = {1},
  year      = {2018}
}
@inproceedings{johnson2017clevr,
  author    = {Johnson, Justin and Hariharan, Bharath and van der Maaten, Laurens and Fei-Fei, Li and Lawrence Zitnick, C. and Girshick, Ross},
  title     = {CLEVR: A Diagnostic Dataset for Compositional Language and Elementary Visual Reasoning},
  booktitle = {Proceedings of the IEEE Conference on Computer Vision and Pattern Recognition (CVPR)},
  month     = {July},
  year      = {2017}
}

# Conditional Object Detection
@inproceedings{meng2021conditional,
  title     = {Conditional detr for fast training convergence},
  author    = {Meng, Depu and Chen, Xiaokang and Fan, Zejia and Zeng, Gang and Li, Houqiang and Yuan, Yuhui and Sun, Lei and Wang, Jingdong},
  booktitle = {Proceedings of the IEEE/CVF International Conference on Computer Vision},
  pages     = {3651--3660},
  year      = {2021}
}

@article{chen2023dualArm,
  author  = {Chen, Tung-I and Liu, Yueh-Cheng and Su, Hung-Ting and Chang, Yu-Cheng and Lin, Yu-Hsiang and Yeh, Jia-Fong and Chen, Wen-Chin and Hsu, Winston H.},
  journal = {IEEE Transactions on Multimedia},
  title   = {Dual-Awareness Attention for Few-Shot Object Detection},
  year    = {2023},
  volume  = {25},
  number  = {},
  pages   = {291-301},
  doi     = {10.1109/TMM.2021.3125195}
}


# Language Conditioned
@article{brohan2022rt,
  title   = {Rt-1: Robotics transformer for real-world control at scale},
  author  = {Brohan, Anthony and Brown, Noah and Carbajal, Justice and Chebotar, Yevgen and Dabis, Joseph and Finn, Chelsea and Gopalakrishnan, Keerthana and Hausman, Karol and Herzog, Alex and Hsu, Jasmine and others},
  journal = {arXiv preprint arXiv:2212.06817},
  year    = {2022}
}
@article{mees2022calvin,
  title     = {Calvin: A benchmark for language-conditioned policy learning for long-horizon robot manipulation tasks},
  author    = {Mees, Oier and Hermann, Lukas and Rosete-Beas, Erick and Burgard, Wolfram},
  journal   = {IEEE Robotics and Automation Letters},
  volume    = {7},
  number    = {3},
  pages     = {7327--7334},
  year      = {2022},
  publisher = {IEEE}
}

@inproceedings{corey2021LCI,
  author    = {Corey Lynch AND Pierre Sermanet},
  title     = {{Language Conditioned Imitation Learning Over Unstructured Data}},
  booktitle = {Proceedings of Robotics: Science and Systems},
  year      = {2021},
  address   = {Virtual},
  month     = {July},
  doi       = {10.15607/RSS.2021.XVII.047}
} 
  
# Goal Image conditioned
@inproceedings{bhutani2022attentive,
  title        = {Attentive One-Shot Meta-Imitation Learning From Visual Demonstration},
  author       = {Bhutani, Vishal and Majumder, Anima and Vankadari, Madhu and Dutta, Samrat and Asati, Aaditya and Kumar, Swagat},
  booktitle    = {2022 International Conference on Robotics and Automation (ICRA)},
  pages        = {8584--8590},
  year         = {2022},
  organization = {IEEE}
}
@inproceedings{james2018task,
  title        = {Task-embedded control networks for few-shot imitation learning},
  author       = {James, Stephen and Bloesch, Michael and Davison, Andrew J},
  booktitle    = {Conference on robot learning},
  pages        = {783--795},
  year         = {2018},
  organization = {PMLR}
}

# Multi-Task
@inproceedings{singh2020scalable,
  title        = {Scalable multi-task imitation learning with autonomous improvement},
  author       = {Singh, Avi and Jang, Eric and Irpan, Alexander and Kappler, Daniel and Dalal, Murtaza and Levinev, Sergey and Khansari, Mohi and Finn, Chelsea},
  booktitle    = {2020 IEEE International Conference on Robotics and Automation (ICRA)},
  pages        = {2167--2173},
  year         = {2020},
  organization = {IEEE}
}
@inproceedings{jang2022bc,
  title        = {Bc-z: Zero-shot task generalization with robotic imitation learning},
  author       = {Jang, Eric and Irpan, Alex and Khansari, Mohi and Kappler, Daniel and Ebert, Frederik and Lynch, Corey and Levine, Sergey and Finn, Chelsea},
  booktitle    = {Conference on Robot Learning},
  pages        = {991--1002},
  year         = {2022},
  organization = {PMLR}
}

# Key-point frames
@inproceedings{dasari2021transformers,
  title        = {Transformers for one-shot visual imitation},
  author       = {Dasari, Sudeep and Gupta, Abhinav},
  booktitle    = {Conference on Robot Learning},
  pages        = {2071--2084},
  year         = {2021},
  organization = {PMLR}
}
@inproceedings{mandi2022towards,
  author    = {Mandi, Zhao and Liu, Fangchen and Lee, Kimin and Abbeel, Pieter},
  booktitle = {2022 International Conference on Robotics and Automation (ICRA)},
  title     = {Towards More Generalizable One-shot Visual Imitation Learning},
  year      = {2022},
  volume    = {},
  number    = {},
  pages     = {2434-2444},
  doi       = {10.1109/ICRA46639.2022.9812450}
}

# Meta-Learning
@inproceedings{finn2017model,
  title        = {Model-agnostic meta-learning for fast adaptation of deep networks},
  author       = {Finn, Chelsea and Abbeel, Pieter and Levine, Sergey},
  booktitle    = {International conference on machine learning},
  pages        = {1126--1135},
  year         = {2017},
  organization = {PMLR}
}
@article{finn2018probabilistic,
  title   = {Probabilistic model-agnostic meta-learning},
  author  = {Finn, Chelsea and Xu, Kelvin and Levine, Sergey},
  journal = {Advances in neural information processing systems},
  volume  = {31},
  year    = {2018}
}
@inproceedings{levine2018daml,
  author    = {Tianhe Yu AND Chelsea Finn AND Sudeep Dasari AND Annie Xie AND Tianhao Zhang AND Pieter Abbeel AND Sergey Levine},
  title     = {One-Shot Imitation from Observing Humans via Domain-Adaptive Meta-Learning},
  booktitle = {Proceedings of Robotics: Science and Systems},
  year      = {2018},
  address   = {Pittsburgh, Pennsylvania},
  month     = {June},
  doi       = {10.15607/RSS.2018.XIV.002}
} 
@article{hu2022learning,
  title     = {Learning with dual demonstration domains: Random domain-adaptive meta-learning},
  author    = {Hu, Ziye and Li, Wei and Gan, Zhongxue and Guo, Weikun and Zhu, Jiwei and Gao, Xiang and Yang, Xuyun and Peng, Yueyan and Zuo, Zhihao and Wen, James Zhiqing and others},
  journal   = {IEEE Robotics and Automation Letters},
  volume    = {7},
  number    = {2},
  pages     = {3523--3530},
  year      = {2022},
  publisher = {IEEE}
}
  
@inproceedings{li2021meta,
  title     = {Meta-imitation learning by watching video demonstrations},
  author    = {Li, Jiayi and Lu, Tao and Cao, Xiaoge and Cai, Yinghao and Wang, Shuo},
  booktitle = {International Conference on Learning Representations},
  year      = {2021}
}

@inproceedings{james2018tecnet,
  title        = {Task-embedded control networks for few-shot imitation learning},
  author       = {James, Stephen and Bloesch, Michael and Davison, Andrew J},
  booktitle    = {Conference on robot learning},
  pages        = {783--795},
  year         = {2018},
  organization = {PMLR}
}


# Large-Datasets
@article{brown2020language,
  title   = {Language models are few-shot learners},
  author  = {Brown, Tom and Mann, Benjamin and Ryder, Nick and Subbiah, Melanie and Kaplan, Jared D and Dhariwal, Prafulla and Neelakantan, Arvind and Shyam, Pranav and Sastry, Girish and Askell, Amanda and others},
  journal = {Advances in neural information processing systems},
  volume  = {33},
  pages   = {1877--1901},
  year    = {2020}
}

# Multi-Stage in robotics
@inproceedings{hester2018deep,
  title     = {Deep q-learning from demonstrations},
  author    = {Hester, Todd and Vecerik, Matej and Pietquin, Olivier and Lanctot, Marc and Schaul, Tom and Piot, Bilal and Horgan, Dan and Quan, John and Sendonaris, Andrew and Osband, Ian and others},
  booktitle = {Proceedings of the AAAI conference on artificial intelligence},
  volume    = {32},
  number    = {1},
  year      = {2018}
}
@inproceedings{levine2013guided,
  title        = {Guided policy search},
  author       = {Levine, Sergey and Koltun, Vladlen},
  booktitle    = {International conference on machine learning},
  pages        = {1--9},
  year         = {2013},
  organization = {PMLR}
}
@article{ibarz2021train,
  title     = {How to train your robot with deep reinforcement learning: lessons we have learned},
  author    = {Ibarz, Julian and Tan, Jie and Finn, Chelsea and Kalakrishnan, Mrinal and Pastor, Peter and Levine, Sergey},
  journal   = {The International Journal of Robotics Research},
  volume    = {40},
  number    = {4-5},
  pages     = {698--721},
  year      = {2021},
  publisher = {SAGE Publications Sage UK: London, England}
}

# Neural
@article{grill2003neural,
  title     = {The neural basis of object perception},
  author    = {Grill-Spector, Kalanit},
  journal   = {Current opinion in neurobiology},
  volume    = {13},
  number    = {2},
  pages     = {159--166},
  year      = {2003},
  publisher = {Elsevier}
}